@misc{Vivint.com,
	author = {Vivint.com},
	keywords = {IoT},
	mendeley-groups = {Sigma},
	mendeley-tags = {IoT},
	title = {{Home Automation Systems and Smart Home Devices | Vivint}},
	url = {https://www.vivint.com/packages/home-automation},
	urldate = {2018-06-16}
}

@techreport{LopezResearch2013,
	author = {{Lopez Research}},
	keywords = {IoT},
	mendeley-groups = {Sigma/IoT},
	mendeley-tags = {IoT},
	title = {{An Introduction to the Internet of Things (IoT)}},
	url = {https://www.cisco.com/c/dam/en_us/solutions/trends/iot/introduction_to_IoT_november.pdf},
	year = {2013}
}


@techreport{Pelino2017,
	author = {Pelino, Michele and Hammond, Jeffrey S and Dai, Charlie and Miller, Paul and Belissent, Jennifer and Ask, Julie A and Fenwick, Nigel and Gillett, Frank E and Husson, Thomas and Maxim, Merritt and Voce, Christopher and Garberg, Clare and Lynch, Diane},
	institution = {Forrester},
	mendeley-groups = {Sigma/IoT},
	title = {{Predictions 2018: IoT Moves From Experimentation To Business Scale}},
	url = {https://www.forrester.com/report/Predictions+2018+IoT+Moves+From+Experimentation+To+Business+Scale/-/E-RES139752},
	year = {2017}
}

@article{Al-fuqaha2015,
	archivePrefix = {arXiv},
	arxivId = {jjj},
	author = {Al-fuqaha, Ala and Member, Senior and Guizani, Mohsen and Mohammadi, Mehdi and Member, Student},
	number = {4},
	pages = {2347--2376},
	title = {{Internet of Things : A Survey on Enabling}},
	url = {http://ieeexplore.ieee.org.proxy.queensu.ca/document/7123563/},
	volume = {17},
	year = {2015}
}




@misc{Symantec,
	author = {Symantec},
	mendeley-groups = {Sigma/IoT},
	title = {{5 Predictions on the future of the Internet of Things}},
	url = {https://nr.tn/2O9VlxE},
	urldate = {2018-06-17}
}


@techreport{Bamiduro2018,
	author = {Bamiduro, Wunmi and van der Meulen, Rob},
	institution = {Gartner},
	mendeley-groups = {Sigma/Self Healing},
	title = {{Worldwide IoT Security Spending Will Reach {\$}1.5 Billion in 2018}},
	url = {https://www.gartner.com/newsroom/id/3869181},
	year = {2018}
}


@article{Asghar2018,
	author = {Asghar, Ahmad and Farooq, Hasan and Imran, Ali},
	doi = {10.1109/COMST.2018.2825786},
	issn = {1553-877X},
	journal = {IEEE Communications Surveys {\&} Tutorials},
	number = {c},
	pages = {1--1},
	title = {{Self-Healing in Emerging Cellular Networks: Review, Challenges and Research Directions}},
	url = {http://ieeexplore.ieee.org/document/8335292/},
	year = {2018}
}


@article{Chandraratne2017,
	author = {Chandraratne, Chathurika and Naayagi, R T and Logenthiran, Thillainathan and Background, A},
	isbn = {9781538649503},
	keywords = {and this prevents other,circuit breaker to isolate,differential transformer relay,directional protection,overcurrent,protection,relay,self-healing,smart grid,the faulty line,traditional power grid},
	mendeley-groups = {Sigma/Self Healing,Sigma},
	pages = {1--6},
	title = {{Smart Grid Protection through Self-Healing}},
	year = {2017}
}

@article{Khalil2018,
	author = {Khalil, Kasem and Eldash, Omar and Bayoumi, Magdy},
	isbn = {9781538648810},
	keywords = {ant,embryonic hardware,evolvable hardware,fault toler-,self-healing},
	title = {{A Cost-Effective Self-Healing Approach for Reliable Hardware Systems}},
	year = {2018}
}

@article{Psaier2011,
	author = {Psaier, Harald and Dustdar, Schahram},
	doi = {10.1007/s00607-010-0107-y},
	isbn = {0010-485X},
	issn = {0010485X},
	journal = {Computing (Vienna/New York)},
	keywords = {Autonomic computing,Autonomous behaving systems,Self-,Self-adaptive systems,Self-healing approaches,Self-healing principles,Survey,properties},
	number = {1},
	pages = {43--73},
	title = {{A survey on self-healing systems: Approaches and systems}},
	volume = {91},
	year = {2011}
}

@article{Hudaib2017,
	author = {Hudaib, Amjad A. and Fakhouri, Hussam N. and {Al Adwan}, Fatima Eid and Fakhouri, Sandi N.},
	doi = {10.4236/cn.2017.91004},
	issn = {1949-2421},
	journal = {Communications and Network},
	keywords = {Computer Architecture, Self-Healing Systems, Self-},
	number = {01},
	pages = {71--88},
	title = {{A Survey about Self-Healing Systems (Desktop and Web Application)}},
	url = {http://www.scirp.org/journal/doi.aspx?DOI=10.4236/cn.2017.91004},
	volume = {09},
	year = {2017}
}

@article{Ghosh2007,
	author = {Ghosh, Debanjan and Sharman, Raj and {Raghav Rao}, H. and Upadhyaya, Shambhu},
	doi = {10.1016/j.dss.2006.06.011},
	isbn = {0167-9236},
	issn = {01679236},
	journal = {Decision Support Systems},
	keywords = {Adaptive systems,Decision support systems,Distributed systems,Fault tolerance,Self-healing,Software architecture,Software engineering designing,Survivable systems},
	number = {4},
	pages = {2164--2185},
	pmid = {513},
	title = {{Self-healing systems - survey and synthesis}},
	volume = {42},
	year = {2007}
}

@article{Avizienis2004,
	author = {Avi{\v{z}}ienis, Algirdas and Laprie, Jean Claude and Randell, Brian and Landwehr, Carl},
	doi = {10.1109/TDSC.2004.2},
	isbn = {1545-5971 VO - 1},
	issn = {15455971},
	journal = {IEEE Transactions on Dependable and Secure Computing},
	keywords = {Attacks,Dependability,Errors,Failures,Fault forecasting,Fault removal,Fault tolerance,Faults,Security,Trust,Vulnerabilities},
	number = {1},
	pages = {11--33},
	pmid = {1335465},
	title = {{Basic concepts and taxonomy of dependable and secure computing}},
	volume = {1},
	year = {2004}
}

@article{Cinque2013,
	author = {Cinque, Marcello and Cotroneo, Domenico and Pecchia, Antonio},
	doi = {10.1109/TSE.2012.67},
	isbn = {0098-5589 VO  - 39},
	issn = {00985589},
	journal = {IEEE Transactions on Software Engineering},
	keywords = {Event log,error detection,logging mechanism,rule-based logging,software failures},
	number = {6},
	pages = {806--821},
	title = {{Event logs for the analysis of software failures: A rule-based approach}},
	volume = {39},
	year = {2013}
}

@article{Lipow1982,
	author = {Lipow, M.},
	doi = {10.1109/TSE.1982.235579},
	isbn = {00985589},
	issn = {00985589},
	journal = {IEEE Transactions on Software Engineering},
	keywords = {Fault prediction,fault rate,program complexity,software science},
	number = {4},
	pages = {437--439},
	pmid = {155},
	title = {{Number of Faults per Line of Code}},
	volume = {SE-8},
	year = {1982}
}

@article{Su2014,
	author = {Su, Penn H. and Shih, Chi Sheng and Hsu, Jane Yung Jen and Lin, Kwei Jay and Wang, Yu Chung},
	doi = {10.1109/WF-IoT.2014.6803115},
	isbn = {978-1-4799-3459-1},
	journal = {2014 IEEE World Forum on Internet of Things, WF-IoT 2014},
	pages = {45--50},
	title = {{Decentralized fault tolerance mechanism for intelligent IoT/M2M middleware}},
	year = {2014}
}

@misc{Lin2016,
	author = {Lin, Kwei-Jay and Shih, Daniel and Wang, Yu-Chung and Hsu, Jane and Reijers, Niels and Chou, G.J. and Tsai, B.L.},
	mendeley-groups = {Fault Prevention},
	title = {{WuKong - Intelligent Middleware for Internet-of-Things}},
	url = {https://newslabntu.github.io/wukong4iox/},
	urldate = {2018-11-23},
	year = {2016}
}

@inproceedings{Gia2015,
	author = {Gia, Tuan Nguyen and Rahmani, Amir-Mohammad and Westerlund, Tomi and Liljeberg, Pasi and Tenhunen, Hannu},
	booktitle = {2015 IEEE Sensors Applications Symposium (SAS)},
	doi = {10.1109/SAS.2015.7133626},
	isbn = {978-1-4799-6117-7},
	mendeley-groups = {Error Recovery},
	month = {apr},
	pages = {1--6},
	publisher = {IEEE},
	title = {{Fault tolerant and scalable IoT-based architecture for health monitoring}},
	url = {http://ieeexplore.ieee.org/document/7133626/},
	year = {2015}
}

@article{Chen2013,
	author = {Chen, Fengchao and Li, Ronglin},
	doi = {10.1007/s11277-011-0453-x},
	issn = {09296212},
	journal = {Wireless Personal Communications},
	keywords = {Energy consumption,Network lifetime,Sink node placement,Wireless sensor networks},
	month = {jan},
	number = {2},
	pages = {303--319},
	publisher = {Kluwer Academic Publishers},
	title = {{Sink node placement strategies for wireless sensor networks}},
	url = {http://link.springer.com/10.1007/s11277-011-0453-x},
	volume = {68},
	year = {2013}
}

@inproceedings{Misra2012,
	author = {Misra, Sudip and Gupta, Anshima and Krishna, P. Venkata and Agarwal, Harshit and Obaidat, Mohammad S.},
	booktitle = {2012 IEEE Wireless Communications and Networking Conference (WCNC)},
	doi = {10.1109/WCNC.2012.6214484},
	isbn = {978-1-4673-0437-5},
	month = {apr},
	pages = {815--819},
	publisher = {IEEE},
	title = {{An adaptive learning approach for fault-tolerant routing in Internet of Things}},
	url = {http://ieeexplore.ieee.org/document/6214484/},
	year = {2012}
}

@phdthesis{96b050fa82334e38993854b4a4714f90,
	annote = {Exacte Wetenschappen Naam instelling promotie: Vrije Universiteit Amsterdam Naam instelling onderzoek: Vrije Universiteit Amsterdam},
	author = {van der Kouwe, E},
	school = {Vrije Universiteit Amsterdam},
	title = {{Improving software fault injection}},
	year = {2016}
}

@article{Sajid2016,
	author = {Sajid, Anam and Abbas, Haider and Saleem, Kashif},
	doi = {10.1109/ACCESS.2016.2549047},
	issn = {2169-3536},
	journal = {IEEE Access},
	pages = {1375--1384},
	title = {{Cloud-Assisted IoT-Based SCADA Systems Security: A Review of the State of the Art and Future Challenges}},
	url = {http://ieeexplore.ieee.org/document/7445139/},
	volume = {4},
	year = {2016}
}

@article{Zarpelao2017,
	author = {Zarpel{\~{a}}o, Bruno Bogaz and Miani, Rodrigo Sanches and Kawakani, Cl{\'{a}}udio Toshio and de Alvarenga, Sean Carlisto},
	doi = {10.1016/J.JNCA.2017.02.009},
	issn = {1084-8045},
	journal = {Journal of Network and Computer Applications},
	month = {apr},
	pages = {25--37},
	publisher = {Academic Press},
	title = {{A survey of intrusion detection in Internet of Things}},
	url = {https://www.sciencedirect.com/science/article/pii/S1084804517300802},
	volume = {84},
	year = {2017}
}

@article{Bertino2017,
	author = {Bertino, Elisa and Islam, Nayeem},
	doi = {10.1109/MC.2017.62},
	issn = {0018-9162},
	journal = {Computer},
	month = {feb},
	number = {2},
	pages = {76--79},
	title = {{Botnets and Internet of Things Security}},
	url = {http://ieeexplore.ieee.org/document/7842850/},
	volume = {50},
	year = {2017}
}

@inproceedings{Kasinathan2013,
	author = {Kasinathan, Prabhakaran and Pastrone, Claudio and Spirito, Maurizio A. and Vinkovits, Mark},
	booktitle = {2013 IEEE 9th International Conference on Wireless and Mobile Computing, Networking and Communications (WiMob)},
	doi = {10.1109/WiMOB.2013.6673419},
	isbn = {978-1-4799-0428-0},
	issn = {2160-4886},
	keywords = {6LoWPAN,Denial-of-Service Detection,Internet of Things,Intrusion Detection Systems,Penetration Testing},
	month = {oct},
	pages = {600--607},
	publisher = {IEEE},
	title = {{Denial-of-Service detection in 6LoWPAN based Internet of Things}},
	url = {http://ieeexplore.ieee.org/document/6673419/},
	year = {2013}
}

@book{Provos2008,
	author = {Provos, Niels. and Holz, Thorsten.},
	isbn = {0321336321},
	pages = {440},
	publisher = {Addison-Wesley},
	title = {{Virtual honeypots : from botnet tracking to intrusion detection}},
	year = {2008}
}

@book{Daniel1982,
	author = {Daniel, Donald C. (Donald Charles) and Herbig, Katherine L. (Katherine Lydigsen)},
	isbn = {9781483190068},
	pages = {378},
	publisher = {Pergamon Press},
	title = {{Strategic military deception: Pergamon policy studies on security affairs}},
	year = {1982}
}

@inproceedings{Yu2015,
	address = {New York, New York, USA},
	author = {Yu, Tianlong and Sekar, Vyas and Seshan, Srinivasan and Agarwal, Yuvraj and Xu, Chenren},
	booktitle = {Proceedings of the 14th ACM Workshop on Hot Topics in Networks - HotNets-XIV},
	doi = {10.1145/2834050.2834095},
	isbn = {9781450340472},
	pages = {1--7},
	publisher = {ACM Press},
	title = {{Handling a trillion (unfixable) flaws on a billion devices}},
	url = {http://dl.acm.org/citation.cfm?doid=2834050.2834095},
	year = {2015}
}

@article{La2016,
	author = {La, Quang Duy and Quek, Tony Q. S. and Lee, Jemin and Jin, Shi and Zhu, Hongbo},
	doi = {10.1109/JIOT.2016.2547994},
	issn = {2327-4662},
	journal = {IEEE Internet of Things Journal},
	month = {dec},
	number = {6},
	pages = {1025--1035},
	title = {{Deceptive Attack and Defense Game in Honeypot-Enabled Networks for the Internet of Things}},
	url = {http://ieeexplore.ieee.org/document/7442780/},
	volume = {3},
	year = {2016}
}

@misc{Colburn2017,
	author = {Colburn, Ken},
	booktitle = {Wtop},
	title = {{Smart firewalls protect the Internet of Things — which are the best? | WTOP}},
	url = {https://wtop.com/tech/2017/10/smart-firewalls-protect-internet-things-best/},
	urldate = {2018-11-23},
	year = {2017}
}

@inproceedings{Gupta2017,
	author = {Gupta, Naman and Naik, Vinayak and Sengupta, Srishti},
	booktitle = {2017 9th International Conference on Communication Systems and Networks (COMSNETS)},
	doi = {10.1109/COMSNETS.2017.7945418},
	isbn = {978-1-5090-4250-0},
	month = {jan},
	pages = {411--412},
	publisher = {IEEE},
	title = {{A firewall for Internet of Things}},
	url = {http://ieeexplore.ieee.org/document/7945418/},
	year = {2017}
}

@inproceedings{Brachmann2012,
	author = {Brachmann, Martina and Keoh, Sye Loong and Morchon, Oscar Garcia and Kumar, Sandeep S.},
	booktitle = {2012 21st International Conference on Computer Communications and Networks (ICCCN)},
	doi = {10.1109/ICCCN.2012.6289292},
	isbn = {978-1-4673-1544-9},
	month = {jul},
	pages = {1--5},
	publisher = {IEEE},
	title = {{End-to-End Transport Security in the IP-Based Internet of Things}},
	url = {http://ieeexplore.ieee.org/document/6289292/},
	year = {2012}
}

@inproceedings{Altolini2013,
	author = {Altolini, Diego and Lakkundi, Vishwas and Bui, Nicola and Tapparello, Cristiano and Rossi, Michele},
	booktitle = {2013 9th International Wireless Communications and Mobile Computing Conference (IWCMC)},
	doi = {10.1109/IWCMC.2013.6583680},
	isbn = {978-1-4673-2480-9},
	month = {jul},
	pages = {919--925},
	publisher = {IEEE},
	title = {{Low power link layer security for IoT: Implementation and performance analysis}},
	url = {http://ieeexplore.ieee.org/document/6583680/},
	year = {2013}
}

@inproceedings{Babar2011,
	author = {Babar, Sachin and Stango, Antonietta and Prasad, Neeli and Sen, Jaydip and Prasad, Ramjee},
	booktitle = {2011 2nd International Conference on Wireless Communication, Vehicular Technology, Information Theory and Aerospace {\&} Electronic Systems Technology (Wireless VITAE)},
	doi = {10.1109/WIRELESSVITAE.2011.5940923},
	isbn = {978-1-4577-0786-5},
	month = {feb},
	pages = {1--5},
	publisher = {IEEE},
	title = {{Proposed embedded security framework for Internet of Things (IoT)}},
	url = {http://ieeexplore.ieee.org/document/5940923/},
	year = {2011}
}

@incollection{Babar2010,
	author = {Babar, Sachin and Mahalle, Parikshit and Stango, Antonietta and Prasad, Neeli and Prasad, Ramjee},
	booktitle = {Communications in Computer and Information Science},
	doi = {10.1007/978-3-642-14478-3_42},
	isbn = {3642144772},
	issn = {18650929},
	keywords = {Internet of Things,Privacy,Security,authentication,authorization,trust},
	pages = {420--429},
	publisher = {Springer, Berlin, Heidelberg},
	title = {{Proposed security model and threat taxonomy for the Internet of Things (IoT)}},
	url = {http://link.springer.com/10.1007/978-3-642-14478-3_42},
	volume = {89 CCIS},
	year = {2010}
}

@article{he2017towards,
	title={Towards automated log parsing for large-scale log data analysis},
	author={He, Pinjia and Zhu, Jieming and He, Shilin and Li, Jian and Lyu, Michael R},
	journal={IEEE Transactions on Dependable and Secure Computing},
	volume={15},
	number={6},
	pages={931--944},
	year={2017},
	publisher={IEEE}
}

@article{Du2017,
	author = {Du, Min and Li, Feifei},
	doi = {10.1109/ICDM.2016.160},
	isbn = {9781509054725},
	issn = {15504786},
	journal = {Proceedings - IEEE International Conference on Data Mining, ICDM},
	pages = {859--864},
	title = {{Spell: Streaming parsing of system event logs}},
	year = {2017}
}

@misc{el1,
	abstract = {Event Log Generated in Windows 10 Upgrade},
	keywords = {event log sample},
	mendeley-tags = {event log sample},
	title = {{Event Log Generated by Windows in Upgrade}},
	url = {https://pastebin.com/8gKGJyY3},
	urldate = {2018-08-08}
}

@misc{el2,
	abstract = {Sample event log generated by yED Tool.},
	keywords = {event log sample},
	mendeley-tags = {event log sample},
	title = {{yED Installation Log}},
	url = {https://pastebin.com/ccC5xDqX},
	urldate = {2018-08-08}
}

@misc{el3,
	abstract = {Sample event log retrieved from Visual Studio},
	keywords = {event log sample},
	mendeley-tags = {event log sample},
	title = {{Visual Studio Event Log Sample}},
	url = {https://pastebin.com/2ycA7Fa4},
	urldate = {2018-08-08}
}

@misc{ProcessMiningGroupMathAndCSdepartment,
	author = {{Process Mining Group, Math{\&}CS department}, Eindhoven University of Technology.},
	title = {{Event logs and models}},
	url = {http://www.processmining.org/event_logs_and_models_used_in_book},
	urldate = {2018-08-18}
}


@article{Vossen2012,
	author = {Vossen, Gottfried},
	doi = {10.1016/j.is.2011.10.006},
	isbn = {3642281079},
	issn = {03064379},
	journal = {Information Systems},
	number = {3},
	pages = {288--290},
	pmid = {18487736},
	publisher = {Elsevier},
	title = {{The process mining manifesto - An interview with Wil van der Aalst}},
	url = {http://dx.doi.org/10.1016/j.is.2011.10.006},
	volume = {37},
	year = {2012}
}

@misc{Aalst2015,
	author = {van der Aalst, Wil},
	keywords = {process mining},
	mendeley-tags = {process mining},
	title = {{Process Mining Data Science in Action}},
	url = {https://www.youtube.com/watch?v=kIeLaNzw9hI&t=704s},
	urldate = {2018-07-06},
	year = {2015}
}

@article{VanDerAalst2012a,
	archivePrefix = {arXiv},
	arxivId = {arXiv:1011.1669v3},
	author = {{Van Der Aalst}, Wil},
	doi = {10.1145/2240236.2240257},
	eprint = {arXiv:1011.1669v3},
	isbn = {978-3-642-19344-6},
	issn = {00010782},
	journal = {Communications of the ACM},
	number = {8},
	pages = {76},
	pmid = {18487736},
	title = {{Process mining}},
	url = {http://dl.acm.org/citation.cfm?doid=2240236.2240257},
	volume = {55},
	year = {2012}
}

@article{Rolland1998,
	author = {Rolland, Colette},
	doi = {10.1007/BFb0054216>},
	isbn = {9783540645566},
	journal = {Lecture Notes in Computer Science},
	number = {c},
	pages = {1--24},
	title = {{A Comprehensive View of Process Engineering}},
	url = {http://www.springerlink.com/index/XVER7FV40KKXMXJG.pdf},
	volume = {1413},
	year = {1998}
}

@Inbook{VanderAalst2011,
	author="van der Aalst, Wil M. P.",
	title="Process Modeling and Analysis",
	bookTitle="Process Mining: Discovery, Conformance and Enhancement of Business Processes",
	year="2011",
	publisher="Springer Berlin Heidelberg",
	address="Berlin, Heidelberg",
	pages="29--57",
	isbn="978-3-642-19345-3",
	doi="10.1007/978-3-642-19345-3_2",
	url="https://doi.org/10.1007/978-3-642-19345-3_2"
}

@Inbook{VanderAalst2011a,
	author="van der Aalst, Wil M. P.",
	title="Process Discovery: An Introduction",
	bookTitle="Process Mining: Discovery, Conformance and Enhancement of Business Processes",
	year="2011",
	publisher="Springer Berlin Heidelberg",
	address="Berlin, Heidelberg",
	pages="125--156",
	isbn="978-3-642-19345-3",
	doi="10.1007/978-3-642-19345-3_5",
	url="https://doi.org/10.1007/978-3-642-19345-3_5"
}

@Inbook{VanderAalst2011d,
	author="van der Aalst, Wil M. P.",
	title="Getting the Data",
	bookTitle="Process Mining: Discovery, Conformance and Enhancement of Business Processes",
	year="2011",
	publisher="Springer Berlin Heidelberg",
	address="Berlin, Heidelberg",
	pages="95--123",
	isbn="978-3-642-19345-3",
	doi="10.1007/978-3-642-19345-3_4",
	url="https://doi.org/10.1007/978-3-642-19345-3_4"
}



@book{Aalsta,
	author = {van der Aalst, Wil and Stahl, Christian},
	isbn = {9780262015387},
	pages = {386},
	title = {{Modeling business processes : a petri net-oriented approach}},
	url = {https://mitpress.mit.edu/books/modeling-business-processes}
}

@book{Jensen2009,
	address = {Berlin},
	author = {Jensen, Kurt and Kristensen, Lars M},
	doi = {10.1007/b95112},
	isbn = {9783642002830},
	publisher = {Springer},
	title = {{Coloured Petri Nets - Modelling and Validation of Concurrent Systems}},
	url = {https://www.springer.com/us/book/9783642002830},
	year = {2009}
}

@book{Reisig1998a,
	address = {Berlin, Heidelberg},
	doi = {10.1007/3-540-65306-6},
	editor = {Reisig, Wolfgang and Rozenberg, Grzegorz},
	isbn = {978-3-540-65306-6},
	publisher = {Springer Berlin Heidelberg},
	series = {Lecture Notes in Computer Science},
	title = {{Lectures on Petri Nets I: Basic Models}},
	url = {http://link.springer.com/10.1007/3-540-65306-6},
	volume = {1491},
	year = {1998}
}

@book{Reisig1998,
	author = {Reisig, Wolfgang. and Rozenberg, Grzegorz.},
	isbn = {9783540494423},
	publisher = {Springer-Verlag},
	title = {{Lectures on Petri Nets I: Basic Models : Advances in Petri Nets}},
	year = {1998}
}

@incollection{VanderAalst2002,
	author = {van der Aalst, Wil M. P.},
	doi = {10.1007/3-540-48068-4_1},
	pages = {1--22},
	publisher = {Springer, Berlin, Heidelberg},
	title = {{Making Work Flow: On the Application of Petri Nets to Business Process Management}},
	url = {http://link.springer.com/10.1007/3-540-48068-4_1},
	year = {2002}
}

@incollection{Manoj2012,
	author = {Manoj, G. and {Samson Immmanuel}, J. and Divya, P. S. and Haran, A. P.},
	doi = {10.1007/978-3-642-35594-3_40},
	month = {dec},
	pages = {285--292},
	publisher = {Springer, Berlin, Heidelberg},
	title = {{Modelling of System Configuration and Reconfiguration for IMS}},
	url = {http://link.springer.com/10.1007/978-3-642-35594-3_40},
	year = {2012}
}

@article{Petri2008,
	author = {Petri, Carl and Reisig, Wolfgang},
	doi = {10.4249/scholarpedia.6477},
	issn = {1941-6016},
	journal = {Scholarpedia},
	number = {4},
	pages = {6477},
	title = {{Petri net}},
	url = {http://www.scholarpedia.org/article/Petri_net},
	volume = {3},
	year = {2008}
}



@misc{Hofstede,
	author = {ter Hofstede, Arthur and van der Aalst, Wil},
	keywords = {workflow,yawl},
	mendeley-tags = {workflow,yawl},
	title = {{Workflow Patterns}},
	url = {http://www.workflowpatterns.com./},
	urldate = {2018-09-13}
}

@article{VanderAalst2003,
	author = {van der Aalst, W.M.P. and ter Hofstede, A.H.M. and Kiepuszewski, B. and Barros, A.P.},
	doi = {10.1023/A:1022883727209},
	issn = {09268782},
	journal = {Distributed and Parallel Databases},
	number = {1},
	pages = {5--51},
	publisher = {Kluwer Academic Publishers},
	title = {{Workflow Patterns}},
	url = {http://link.springer.com/10.1023/A:1022883727209},
	volume = {14},
	year = {2003}
}

@incollection{Repa2013,
	author = {Řepa, Václav},
	doi = {10.1007/978-3-642-40823-6_7},
	pages = {78--90},
	publisher = {Springer, Berlin, Heidelberg},
	title = {{Cooperation of Business Processes – A Central Point of the Content, Technical, and Human Aspects of Organization Management}},
	url = {http://link.springer.com/10.1007/978-3-642-40823-6_7},
	year = {2013}
}

@book{Scheer1994,
	address = {Berlin, Heidelberg},
	author = {Scheer, August-Wilhelm},
	doi = {10.1007/978-3-642-79142-0},
	isbn = {978-3-642-79144-4},
	publisher = {Springer Berlin Heidelberg},
	title = {{Business Process Engineering}},
	url = {http://link.springer.com/10.1007/978-3-642-79142-0},
	year = {1994}
}

@article{Mendling2006,
	author = {Mendling, Jan and Nüttgens, Markus},
	doi = {10.1007/s10257-005-0026-1},
	issn = {1617-9846},
	journal = {Information Systems and e-Business Management},
	month = {jul},
	number = {3},
	pages = {245--263},
	publisher = {Springer-Verlag},
	title = {{EPC markup language (EPML): an XML-based interchange format for event-driven process chains (EPC)}},
	url = {http://link.springer.com/10.1007/s10257-005-0026-1},
	volume = {4},
	year = {2006}
}

@misc{Singh2019,
	title         = {{Smart Troubleshooting Survey Resources}},
	author        = {Singh, Prasannjeet and Caporuscio, Mauro and Flammini, Francesco and Khakpour, Narges},
	year          = 2019,
	booktitle     = {Github},
	url           = {https://github.com/prasannjeet/Smart-Troubleshooting-Survey-Resources},
	abstract      = {This repository contains all the resources from the Survey: Smart-Troubleshooting of Connected Cyber-Physical Systems: State-of-the-art, Challenges and Open Issues"},
	keywords      = {replication package}
}

@article{Silva2008,
	author = {Silva, Luis Moura},
	doi = {10.1109/NCA.2008.57},
	isbn = {9780769531922},
	journal = {2008 Seventh IEEE International Symposium on Network Computing and Applications},
	pages = {144--151},
	title = {{Comparing Error Detection Techniques for Web Applications: An Experimental Study}},
	url = {http://ieeexplore.ieee.org/document/4579650/},
	year = {2008}
}

@techreport{Gartner2019,
	abstract = {New forms of automation (e.g., robotic process automation) and knowledge of the underlying processes/interactions are key to digital transformation. Process mining helps enterprise architecture and technology innovation leaders assess operations and performance, increasing these initiatives' value.},
	author = {Gartner},
	institution = {Gartner},
	title = {{Market Guide for Process Mining}},
	url = {https://www.gartner.com/doc/reprints?id=1-SBXXPQO&ct=190625&st=sb},
	year = {2019}
}

@techreport{PressRelease2018,
	author = {{Press Release}},
	institution = {MarketWatch},
	title = {{Global Process Analytics Market, 2023 by Process Mining Type, Deployment Type, Organization Size, Application}},
	url = {https://www.marketwatch.com/press-release/global-process-analytics-market-2023-by-process-mining-type-deployment-type-organization-size-application---researchandmarketscom-2018-06-20},
	year = {2018}
}
